@inproceedings{icaleps2011,
 author = {C Haen and E Bonaccorsi and N Neufeld},
 title = {Distributed monitoring system based on Icinga},
 booktitle = {Proceedings of ICALEPCS2011},
 year = {2011},
 pages = {1149-1152},
 numpages = {4},
 url = {http://accelconf.web.cern.ch/accelconf/icalepcs2011/papers/wepmu035.pdf},
 doi = {http://accelconf.web.cern.ch/accelconf/icalepcs2011/papers/wepmu035.pdf},
}

@article{chep2012,
  author={C Haen and V Barra and E Bonaccorsi and N Neufeld},
  title={Artificial intelligence in the service of system administrators},
  journal={Journal of Physics: Conference Series},
  volume={396},
  number={5},
  pages={052038},
  url={http://stacks.iop.org/1742-6596/396/i=5/a=052038},
  year={2012},
}


@inproceedings{icaleps2013,
 author = {C Haen and E Bonaccorsi and N Neufeld},
 title = {Evolution of the monitoring in the LHCb Online system},
 booktitle = {Proceedings of ICALEPCS2013},
 year = {2013},
 pages = {1408-1411},
 numpages = {4},
 url = {http://accelconf.web.cern.ch/AccelConf/ICALEPCS2013/papers/thcoba01.pdf},
 doi = {http://accelconf.web.cern.ch/AccelConf/ICALEPCS2013/papers/thcoba01.pdf},
}

@article{chep2013,
  author={C Haen and V Barra and E Bonaccorsi and N Neufeld},
  title={Phronesis, a diagnosis and recovery tool for system administrators},
  journal={Journal of Physics: Conference Series},
  volume={513},
  number={6},
  pages={062021},
  url={http://stacks.iop.org/1742-6596/513/i=6/a=062021},
  year={2014},
}
	

@article{chep2015,
  author={Christophe Haen and Philippe Charpentier and Markus Frank and Andrei Tsaregorodtsev},
  title={The DIRAC Data Management System and the Gaudi dataset federation},
  journal={Journal of Physics: Conference Series},
  volume={664},
  number={4},
  pages={042025},
  url={http://stacks.iop.org/1742-6596/664/i=4/a=042025},
  year={2015},
}
	
